%% LaTeX2e file `Huelsenbeck_Ronquist_SMME_2005.bib'
%% generated by the `filecontents' environment
%% from source `Huelsenbeck_Ronquist_SMME_2005' on 2019/07/26.
%%
% # Citations used in `Huelsenbeck_Ronquist_SMME_2005.tex` (in order)
% 1. Jukes and Cantor (1969)
@InProceedings{jukes69,
  author    = {T. H. Jukes and C. R. Cantor},
  editor    = {H. N. Munro},
  title     = {Evolution of protein molecules},
  booktitle = {Mammalian {P}rotein {M}etabolism},
  publisher = {Academic Press},
  year      = 1969,
  pages     = {21--123}
}
% 2. (Kimura, 1980;
@Article{kimura80,
  author    = {M. Kimura},
  title     = {A simple method for estimating evolutionary rates of base substitutions through comparative studies of nucleotide sequences},
  journal   = {Journal of Molecular Evolution},
  year      = 1980,
  volume    = 16,
  pages     = {111--120}
}
% 3. Hasegawa et al., 1985)
@Article{hasegawa85,
  author    = {M. Hasegawa and H. Kishino and T. Yano},
  title     = {Dating the human-ape splitting by a molecular clock of mitochondrial {DNA}},
  journal   = {Journal of Molecular Evolution},
  year      = 1985,
  volume    = 22,
  pages     = {160--174}
}
% 4. (Yang, 1993)
@Article{yang93,
  author    = {Z. Yang},
  title     = {Maximum likelihood estimation of phylogeny from {DNA} sequences when substitution rates differ over sites},
  journal   = {Molecular Biology and Evolution},
  year      = 1993,
  volume    = 10,
  pages     = {1396--1401}
}
% 5. Goldman and Yang, 1994;
@Article{goldman94,
  author    = {N. Goldman and Z. Yang},
  title     = {A codon-based model of nucleotide substitution for protein-coding {DNA} sequences},
  journal   = {Molecular Biology and Evolution},
  year      = 1994,
  volume    = 11,
  pages     = {725--736}
}
% 6. Muse and Gaut, 1994
@Article{muse94,
  author    = {S. V. Muse and B. S. Gaut},
  title     = {A likelihood approach for comparing synonymous and nonsynonymous nucleotide substitution rates with application to the chloroplast genome},
  journal   = {Molecular Biology and Evolution},
  year      = 1994,
  volume    = 11,
  pages     = {715--724}
}
% 7. Tuffley and Steel, 1997
@Article{tuffley97,
  author    = {C. Tuffley and M. Steel},
  title     = {Links between maximum likelihood and maximum parsimony under a simple model of site substitution},
  journal   = {Bulletin of Mathematical Biology},
  year      = 1997,
  volume    = 59,
  pages     = {581--607}
}
% 8. Huelsenbeck and Ronquist, [YEAR]; (MrBayes)
@Article{huelsenbeck01c,
  author    = {J. P. Huelsenbeck and F. Ronquist},
  title     = {{MRBAYES}: {B}ayesian inference of phylogenetic trees},
  journal   = {Bioinformatics},
  year      = 2001,
  volume    = 17,
  pages     = {754--755}
}
% 9. Ronquist and Huelsenbeck, [YEAR]) (MrBayes)
@Article{ronquist03,
  author    = {F. Ronquist and J. P. Huelsenbeck},
  title     = {MrBayes 3: {B}ayesian phylogenetic inference  under mixed models},
  journal   = {Bioinformatics},
  year      = 2003,
  volume    = 19,
  pages     = {1572--1574}
}
% 10. (Felsenstein, 1981)
@Article{felsenstein81,
  author    = {J. Felsenstein},
  title     = {Evolutionary trees from {DNA} sequences:  {A} maximum likelihood approach},
  journal   = {Journal of Molecular Evolution},
  year      = 1981,
  volume    = 17,
  pages     = {368--376}
}
% 11. Nielsen and Yang (1998)
@Article{nielsen98,
  author    = {R. Nielsen and Z. Yang},
  title     = {Likelihood models for detecting positively selected amino acid sites and applications to the {HIV-1} envelope gene},
  journal   = {Genetics},
  year      = 1998,
  volume    = 148,
  pages     = {929--93}
}
% 12. Hasegawa et al. (1984;  HKY
@Article{hasegawa84,
  author    = {M. Hasegawa and T. Yano and H. Kishino},
  title     = {A new molecular  clock of mitochondrial {DNA} and the evolution of {H}ominoids},
  journal   = {Proc. Japan Acad. Ser. B},
  year      = 1984,
  volume    = 60,
  pages     = {95--98}
}
% 13. Hasegawa et al. (1985;  HKY
% 14. Felsenstein's (1981)
% 15. Swofford, 2002
@Book{swofford02,
  author    = {D. L. Swofford},
  title     = {{PAUP*}: {P}hylogenetic {A}nalysis {U}sing {P}arsimony and {O}ther {M}ethods},
  publisher = {Sinauer Associates, Inc.},
  year      = 2002,
  address   = {Sunderland, Massachusetts}
}
% 16. The program MrBayes (Huelsenbeck and Ronquist, [year];
% 17. Ronquist and Huelsenbeck, [year])
% 18. Chapter [NUMBER] (Larget, [YEAR])
%%%%%%% MISSING
% 19. Indeed, it has been known for at least a decade now that the interpretation of nonparametric bootstrap values on phylogenetic trees is problematic, for a variety of reasons summarized in [REFS]
%%%%%%%  MISSING
% 20. Huelsenbeck and Rannala (In Press)
%%%%%%%  MISSING
% 21. Suzuki and Nei ([YEAR])
%%%%%%%  MISSING
% 22. Huelsenbeck and Rannala (In Press)
% 23. simulation studies that examine the performance of phylogenetic methods (see [REFS])
%%%%%%%  MISSING
% 24. Foster ([YEAR]) has relaxed the assumption that nucleotide frequencies are constant over time and
%%%%%%%  MISSING
% 25. [PEOPLE] ([YEAR]) relaxed the assumption that the GC content is a constant over a phylogenetic tree
%%%%%%%  MISSING
% 26. Cox test ([REF])
%%%%%%%  MISSING
% 27. Jeffreys (1961)
% 28. Bayes factors can be used to choose among substitution models (Huelsenbeck et al., In Press)
%%%%%%%  MISSING
% 29. Jukes-Cantor (1969) or
% 30. Felsenstein (1981) model
% 31. Kimura (1980),
% 32. Hasegawa et al.\ (1984,),
% 33. Hasegawa et al.\ 1985),
% 34. Felsenstein (1984)
%%%%%%%  MISSING
% 35. Larget (Chapter [NUMBER])
%%%%%%%
% 36. (Jeffreys, 1961)
@Book{jeffreys61,
  author    = {H. Jeffreys},
  title     = {Theory of {P}robability},
  publisher = {Oxford University Press},
  year      = 1961,
  address   = {Oxford}
}
% 37. Tamura and Nei, 1993
@Article{tamura93,
  author    = {K. Tamura and M. Nei},
  title     = {Estimation of the number of nucleotide substitutions in the control region of mitochondrial DNA in humans and chimpanzees},
  journal   = {Molecular Biology and Evolution},
  year      = 1993,
  volume    = 10,
  pages     = {512--526}
}
% 38. Huelsenbeck et al. (In Press)
%%%%%%%
% 39. Kimura (1980)
% 40. Modeltest (Posada and Crandall, [YEAR])
@article{posada98,
    author  = {David Posada},
    title   = {Model{T}est: testing the model of {DNA} substitution},
    journal = {Bioinformatics},
    year    = {1998},
    volume  = {14},
    pages   = {817--818}
}
% 41. Kim et al. (2003)
%%%%%%%
% 42. Lewis, (YEAR) (Mk)
@Article{lewis01,
  author    = {P. O. Lewis},
  title     = {A likelihood approach to estimating phylogeny from discrete morphological character data},
  journal   = {Systematic Biology},
  year      = 2001,
  volume    = 50,
  pages     = {913--925}
}
% 43. Kim et al. (2003)
@Article{kim03,
  author  = {S. Kim and K. M. Kjer and C. N. Duckett},
  year    = {2003},
  title   = {Comparison between molecular and morphological-based phylogenies of galerucine/alticine leaf beetles ({C}oleoptera: {C}hrysomelidae)},
  journal = {Insect Systematics and Evolution},
  volume  = {34},
  pages   = {53--64},
}
% 44. Kim et al. (2003)
% 45. Kim et al. (2003)
% 46. Kim et al. (2003)
% 47. Sch\"oniger and von Haeseler (1994)
@Article{schoniger94,
  author    = {M. Sch{\"o}niger and A. von Haeseler},
  title     = {A stochastic model and the evolution of autocorrelated DNA sequences},
  journal   = {Molecular Phylogenetics and Evolution},
  year      = 1994,
  volume    = 3,
  pages     = {240--247}
}
% 48. Sch\"oniger and  von Haeseler (1994)
% 49. Goldman and Yang, 1994;
% 50. Muse and Gaut, 1994
% 51. Goldman and Yang 1994;
% 52. Muse and Gaut 1994
% 53. Nielsen and Yang (1998)
% 54. program PAML (Yang, [YEAR])
%%%%%%%
% 55. Huelsenbeck and Dyer, In Press
@Article{huelsenbeck04c,
  author    = {J. P. Huelsenbeck and K. Dyer},
  title     = {Bayesian estimation of positively selected sites},
  journal   = {Journal of Molecular Evolution},
  year      = 2004,
  volume    = 58,
  pages     = {661--672}
}
% 56. Poisson (Bishop and Friday, 1987),
@Article{bishop85,
  author    = {M. J. Bishop and A. E. Friday},
  title     = {Evolutionary trees form nucleic acid and protein sequences},
  journal   = {Proceedings of the Royal Society of London, B},
  year      = 1985,
  volume    = 226,
  pages     = {271--302}
}
% 57. Jones (Jones et al., 1992),
@Article{jones92,
  author    = {D. T. Jones and W. R. Taylor and J. M. Thornton},
  title     = {The rapid generation of mutation data matrices from protein sequences},
  journal   = {Computer Applications in the Biosciences (CABIOS)},
  year      = 1992,
  volume    = 8,
  pages     = {275--282}
}
% 58. Dayhoff  (Dayhoff et al., 1978),
@InProceedings{dayhoff78,
  author    = {M. O. Dayhoff and R. M. Schwartz and B. C. Orcutt},
  title     = {A model of evolutionary change in proteins},
  booktitle = {Atlas of protein sequence and structure, Volume 5, Supplement 3},
  publisher = {National Biomedical Research Foundation},
  year      = 1978,
  pages     = {345--352}
}
% 59. Mtrev (Adachi and Hasegawa. 1996),
@Article{adachi96,
  author    = {J. Adachi and M. Hasegawa},
  title     = {{MOLPHY Version 2.3}: {P}rograms for molecular phylogenetics based on maximum likelihood},
  journal   = {Computer Science Monographs},
  year      = 1996,
  volume    = 28,
  pages     = {1--150}
}
% 60. Mtmam (Cao et al., 1998),
@Article{cao98,
  author    = {Y. Cao and A. Janke and P. J. Waddell and M. Westerman and O. Takenaka and S. Murata and N. Okada and S. P\"a\"abo and M. Hasegawa},
  title     = {Conflict amongst individual mitochondrial proteins in resolving the phylogeny of eutherian orders},
  journal   = {Journal of Molecular Evoluton},
  year      = 1998,
  volume    = 47,
  pages     = {307--322}
}
% 61. WAG (Whelan and Goldman, 2001),
@Article{whelan01,
  author    = {S. Whelan and N. Goldman},
  title     = {A general empirical model of protein evolution derived from multiple protein familes using a maximum likelihood approach},
  journal   = {Molecular Biology and Evolution},
  year      = 2001,
  volume    = 18,
  pages     = {691--699}
}
% 62. Rtrev (Dimmic et al., 2002),
@Article{dimmic02,
  author    = {M. W. Dimmic and J. S. Rest and D. P. Mindell and D. Goldstein},
  title     = {{RA}rt{REV}: {A}n amino acid substitution matrix for inference of retrovirus and reverse transcriptase phylogeny},
  journal   = {Journal of Molecular Evolution},
  year      = 2002,
  volume    = 55,
  pages     = {65--73}
}
% 63. Cprev (Adachi et al., 2000),
@Article{adachi00,
  author    = {J. Adachi and P. Waddell and W. Martin and M. Hasegawa},
  title     = {Plastid genome phylogeny and a model of amino acid substitution for proteins encoded by chloroplast {DNA}},
  journal   = {Journal of Molecular Evolution},
  year      = 2000,
  volume    = 50,
  pages     = {348--358}
}
% 64. Blossum (Henikoff and Henikoff, 1992), and
@Article{henikoff92,
  author    = {S. Henikoff and J. G. Henikoff},
  title     = {Amino acid substitution matrices from  protein blocks},
  journal   = {Proceedings of the National Academy of Science, U.S.A.},
  year      = 1992,
  volume    = 89,
  pages     = {10915--10919}
}
% 65. Vt (Muller and Vingron. 2000).
@Article{muller00,
  author    = {T. Muller and M. Vingron},
  title     = {Modeling amino acid replacement},
  journal   = {Journal of Computational Biology},
  year      = 2000,
  volume    = 7,
  pages     = {761--776}
}
% 66. The molecular clock hypothesis states that substitutions accumulate at roughly the same rate along different lineages of a phylogenetic tree ([REF]).
%%%%%%% MISSING
% 67. To date, two different models have been proposed for allowing rates to vary across the tree ([REFS]),
%%%%%%% MISSING
% 68. To date, two different models have been proposed for allowing rates to vary across the tree ([REFS]),
% 69. Arnason} {\it et al}.\ 1997)
%%%%%%% MISSING
% 70. Nei et al. (2001)
%%%%%%% MISSING
% 71. Nei et al. (2001)
% 72. Nei et al. (2001)
% 73. Jones et al. (1992)
% 74. Dayhoff et al., 1978;
% 75. Whelan and Goldman, 2001
% 76. Nei et al. (2001)
% 77. Lee (1999)
%%%%%%% MISSING
% 78. Huelsenbeck and Ronquist, 2001;
% 79. Ronquist and Huelsenbeck, 2003
% 80. Kim et al. (2003)
% 81. Nei et al. (2001)



